<?xml version="1.0" encoding="UTF-8"?>
<record>
  <leader>01350nam#a2200397#c#4500</leader>
  <controlfield tag="005">20210409151233.0</controlfield>
  <controlfield tag="007">tu</controlfield>
  <controlfield tag="008">190212|2017####xxk######b####|||#|#eng#c</controlfield>
  <controlfield tag="003">DE-605</controlfield>
  <controlfield tag="001">990227759690206441</controlfield>
  <datafield tag="016" ind1="7" ind2=" ">
    <subfield code="a">1042880267</subfield>
    <subfield code="2">OCoLC</subfield>
  </datafield>
  <datafield tag="020" ind1=" " ind2=" ">
    <subfield code="a">9781472596437</subfield>
    <subfield code="c">hpk.</subfield>
    <subfield code="9">978-1-4725-9643-7</subfield>
  </datafield>
  <datafield tag="020" ind1=" " ind2=" ">
    <subfield code="a">1472596439</subfield>
    <subfield code="9">1-4725-9643-9</subfield>
  </datafield>
  <datafield tag="020" ind1=" " ind2=" ">
    <subfield code="a">9781350016613</subfield>
    <subfield code="c">pbk.</subfield>
    <subfield code="9">978-1-350-01661-3</subfield>
  </datafield>
  <datafield tag="020" ind1=" " ind2=" ">
    <subfield code="a">1350016616</subfield>
    <subfield code="9">1-350-01661-6</subfield>
  </datafield>
  <datafield tag="035" ind1=" " ind2=" ">
    <subfield code="a">(DE-605)HT019967788</subfield>
  </datafield>
  <datafield tag="040" ind1=" " ind2=" ">
    <subfield code="a">6/336</subfield>
    <subfield code="b">ger</subfield>
    <subfield code="d">6/336</subfield>
    <subfield code="e">rda</subfield>
  </datafield>
  <datafield tag="041" ind1=" " ind2=" ">
    <subfield code="a">eng</subfield>
  </datafield>
  <datafield tag="044" ind1=" " ind2=" ">
    <subfield code="c">XA-GB</subfield>
  </datafield>
  <datafield tag="084" ind1=" " ind2=" ">
    <subfield code="a">CF 8317</subfield>
    <subfield code="2">rvk</subfield>
  </datafield>
  <datafield tag="100" ind1="1" ind2=" ">
    <subfield code="a">Segré, Ivan</subfield>
    <subfield code="d">1973-</subfield>
    <subfield code="0">(DE-588)13890121X</subfield>
    <subfield code="4">aut</subfield>
    <subfield code="0">https://d-nb.info/gnd/13890121X</subfield>
    <subfield code="0">http://viaf.org/viaf/95513746</subfield>
    <subfield code="B">GND-13890121X</subfield>
  </datafield>
  <datafield tag="245" ind1="1" ind2="0">
    <subfield code="a">Spinoza</subfield>
    <subfield code="b">the ethics of an outlaw</subfield>
    <subfield code="c">Ivan Segré ; translated by David Broder</subfield>
  </datafield>
  <datafield tag="264" ind1=" " ind2="1">
    <subfield code="a">London</subfield>
    <subfield code="b">Bloomsbury Academic, an imprint of Bloomsbury Publishing Plc</subfield>
    <subfield code="c">[2017]</subfield>
  </datafield>
  <datafield tag="300" ind1=" " ind2=" ">
    <subfield code="a">xi, 186 pages</subfield>
    <subfield code="c">20 cm</subfield>
  </datafield>
  <datafield tag="336" ind1=" " ind2=" ">
    <subfield code="b">txt</subfield>
  </datafield>
  <datafield tag="337" ind1=" " ind2=" ">
    <subfield code="b">n</subfield>
  </datafield>
  <datafield tag="338" ind1=" " ind2=" ">
    <subfield code="b">nc</subfield>
  </datafield>
  <datafield tag="546" ind1=" " ind2=" ">
    <subfield code="a">English translated from French</subfield>
  </datafield>
  <datafield tag="700" ind1="1" ind2=" ">
    <subfield code="a">Broder, David</subfield>
    <subfield code="d">1991-</subfield>
    <subfield code="0">(DE-588)1135307660</subfield>
    <subfield code="4">oth</subfield>
    <subfield code="0">https://d-nb.info/gnd/1135307660</subfield>
    <subfield code="0">http://viaf.org/viaf/303483992</subfield>
    <subfield code="B">GND-1135307660</subfield>
  </datafield>
  <datafield tag="776" ind1="0" ind2="8">
    <subfield code="i">Erscheint auch als</subfield>
    <subfield code="n">Online-Ausgabe, ePDF</subfield>
    <subfield code="z">9781472596541</subfield>
    <subfield code="9">978-1-4725-9654-1</subfield>
  </datafield>
  <datafield tag="776" ind1="0" ind2="8">
    <subfield code="i">Erscheint auch als</subfield>
    <subfield code="n">Online-Ausgabe, ePub</subfield>
    <subfield code="z">9781472596444</subfield>
    <subfield code="9">978-1-4725-9644-4</subfield>
  </datafield>
  <datafield tag="964" ind1="0" ind2="s">
    <subfield code="F">030</subfield>
    <subfield code="A">||||r||||||17</subfield>
  </datafield>
  <datafield tag="964" ind1="0" ind2="s">
    <subfield code="F">050</subfield>
    <subfield code="A">a|||||||||||||</subfield>
  </datafield>
  <datafield tag="964" ind1="0" ind2="s">
    <subfield code="F">051</subfield>
    <subfield code="A">mb||||||</subfield>
  </datafield>
  <datafield tag="035" ind1=" " ind2=" ">
    <subfield code="a">(OCoLC)1042880267</subfield>
  </datafield>
  <datafield tag="035" ind1=" " ind2=" ">
    <subfield code="a">(DE-599)BVBBV044984115</subfield>
  </datafield>
  <datafield tag="MBD" ind1=" " ind2=" ">
    <subfield code="M">49HBZ_NETWORK</subfield>
    <subfield code="i">990227759690206441</subfield>
    <subfield code="n">HBZ Network</subfield>
  </datafield>
  <datafield tag="MBD" ind1=" " ind2=" ">
    <subfield code="M">49HBZ_ULM</subfield>
    <subfield code="i">991025981799706449</subfield>
    <subfield code="n">Universität Münster</subfield>
  </datafield>
  <datafield tag="MNG" ind1=" " ind2=" ">
    <subfield code="c">System</subfield>
    <subfield code="f">ILS</subfield>
    <subfield code="i">marc21</subfield>
    <subfield code="l">67</subfield>
    <subfield code="k">01</subfield>
    <subfield code="e">false</subfield>
    <subfield code="d">2025-11-01 04:11:56 Europe/Berlin</subfield>
    <subfield code="g">022775969-HBZ01</subfield>
    <subfield code="j">60</subfield>
    <subfield code="a">import</subfield>
    <subfield code="b">2021-04-05 13:04:01 Europe/Berlin</subfield>
  </datafield>
  <datafield tag="H52" ind1="8" ind2=" ">
    <subfield code="b">JUED</subfield>
    <subfield code="c">JUED_BIB</subfield>
    <subfield code="h">KW/CF 8317 S455 S758</subfield>
    <subfield code="8">22506958320006449</subfield>
  </datafield>
  <datafield tag="HOL" ind1=" " ind2=" ">
    <subfield code="b">2022-07-11 09:04:38</subfield>
    <subfield code="8">22506958320006449</subfield>
    <subfield code="M">49HBZ_ULM</subfield>
    <subfield code="g">false</subfield>
    <subfield code="a">import</subfield>
  </datafield>
  <datafield tag="ITM" ind1=" " ind2=" ">
    <subfield code="H">22506958320006449</subfield>
    <subfield code="x">JUED_BIB</subfield>
    <subfield code="f">BOOK</subfield>
    <subfield code="v">JUED_BIB</subfield>
    <subfield code="X">System</subfield>
    <subfield code="U">2022-07-10 12:59:00 Europe/Berlin</subfield>
    <subfield code="Y">2023-12-12 08:49:34 Europe/Berlin</subfield>
    <subfield code="h">false</subfield>
    <subfield code="M">49HBZ_ULM</subfield>
    <subfield code="s">1</subfield>
    <subfield code="d">8</subfield>
    <subfield code="V">import</subfield>
    <subfield code="b">Z181-027300</subfield>
    <subfield code="a">23506958310006449</subfield>
    <subfield code="c">KW/CF 8317 S455 S758</subfield>
    <subfield code="W">2022-07-11 11:04:38 Europe/Berlin</subfield>
    <subfield code="u">JUED</subfield>
    <subfield code="w">JUED</subfield>
  </datafield>
  <datafield tag="GPN" ind1="1" ind2=" ">
    <subfield code="a">Segré, Yvan</subfield>
    <subfield code="d">1973-</subfield>
    <subfield code="A">GND</subfield>
    <subfield code="B">GND-13890121X</subfield>
    <subfield code="C">400</subfield>
  </datafield>
  <datafield tag="GSI" ind1="7" ind2=" ">
    <subfield code="a">13890121X</subfield>
    <subfield code="0">http://d-nb.info/gnd/13890121X</subfield>
    <subfield code="2">gnd</subfield>
    <subfield code="A">GND</subfield>
    <subfield code="B">GND-13890121X</subfield>
    <subfield code="C">024</subfield>
  </datafield>
  <datafield tag="GSI" ind1="7" ind2=" ">
    <subfield code="a">1135307660</subfield>
    <subfield code="0">http://d-nb.info/gnd/1135307660</subfield>
    <subfield code="2">gnd</subfield>
    <subfield code="A">GND</subfield>
    <subfield code="B">GND-1135307660</subfield>
    <subfield code="C">024</subfield>
  </datafield>
  <datafield tag="GSI" ind1="7" ind2=" ">
    <subfield code="a">0000 0004 7224 2439</subfield>
    <subfield code="2">isni</subfield>
    <subfield code="A">GND</subfield>
    <subfield code="B">GND-1135307660</subfield>
    <subfield code="C">024</subfield>
  </datafield>
</record>
